@article{einstein,
  author =       "Albert Einstein",
  title =        "{Zur Elektrodynamik bewegter K{\"o}rper}. ({German})
                 [{On} the electrodynamics of moving bodies]",
  journal =      "Annalen der Physik",
  volume =       "322",
  number =       "10",
  pages =        "891--921",
  year =         "1905",
  DOI =          "http://dx.doi.org/10.1002/andp.19053221004"
}

@book{latexcompanion,
    author    = "Michel Goossens and Frank Mittelbach and Alexander Samarin",
    title     = "The \LaTeX\ Companion",
    year      = "1993",
    publisher = "Addison-Wesley",
    address   = "Reading, Massachusetts"
}
 
@misc{knuthwebsite,
    author    = "Donald Knuth",
    title     = "Knuth: Computers and Typesetting",
    url       = "http://www-cs-faculty.stanford.edu/\~{}uno/abcde.html"
}

@article{RFC1001,
	author =       "Network Working Group",
	title =        "PROTOCOL STANDARD FOR A NetBIOS SERVICE ON A TCP/UDP TRANSPORT: CONCEPTS AND METHODS
	",
	journal =      "Request for Comments",
	volume =       "1001",
	year =         "March, 1987",
	DOI =          "https://tools.ietf.org/html/rfc1001"
}

@article{BROWSER,
	author =       "Kesharwani, Mukesh",
	title =        "Understand the Computer Browser Service",
	journal =      "kesharwani.blogspot.com/",
	year =         "Friday, March 18, 2011",
	DOI = 			"kesharwani.blogspot.com/2011/03/understand-computer-browser-service.html"
}

@article{mDNS,
	author =       "Internet Engineering Task Force (IETF), S. Cheshire, M. Krochmal, Apple Inc.",
	title =        "Multicast DNS",
	journal =      "Request for Comments",
	volume =       "6762",
	year =         "February 2013",
	DOI =          "https://tools.ietf.org/html/rfc6762"
}

@article{privMDNS,
	author =       "Winfried Baumann",
	title =        "{Auswirkungen von mDNS auf die Privatsph{\"a}re}. ({German})
	[Privacy Implications of mDNS]",
	journal =      "Thesis in Informatics: Games Engineering",
	year =         "February 15, 2017"
}

@misc{IANA,
	author    = "[On-line]",
	title     = "Service Name and Transport Protocol Port Number Registry.[https://www.iana.org/assignments/service-names-port-numbers/service-names-port-numbers.xml]",
	url       = "https://www.iana.org/assignments/service-names-port-numbers/service-names-port-numbers.xml"
}

@article{broadID,
	author =       "Michael Faath, Rolf Winter, Fabian Weisshaar",
	title =        "How Broadcast Data Reveals Your Identity and Social Graph",
	journal =      "2016 International Wireless Communications and Mobile Computing Conference (IWCMC) ",
	year =         "2016 ",
	DOI =          "https://doi.org/10.1109/IWCMC.2016.7577084"
}

@book{z2z,
	author    = "Jae Woo Lee*, Henning Schulzrinne*, Wolfgang Kellerer** and Zoran Despotovic**",
	title     = "z2z: Discovering Zeroconf Services Beyond Local Link",
	publisher = "\\ * Department of Computer Science, Columbia University, New York, USA\\ ** DoCoMo Communications Laboratories Europe, Munich, Germany"
	address   = "Department of Computer Science, Columbia University, New York, USA; DoCoMo Communications Laboratories Europe, Munich, Germany"
}

@misc{SPRBOOT,
	author    = "Pivotal Software",
	title     = "Spring Boot. [Online]. \\Available: https://projects.spring.io/spring-boot/",
	url       = "https://projects.spring.io/spring-boot/"
}

@article{privAdd1,
	author =       "Daniel Kaiser and Marcel Waldvogel",
	title =        "Adding Privacy to Multicast DNS Service Discovery",
	journal =      "IEEE, 2014 IEEE 13th International Conference on Trust, Security and Privacy in Computing and Communications",
	pages =        "809--816",
	year =         "24-26 Sept. 2014",
	DOI =          "https://doi.org/10.1109/TrustCom.2014.107"
}
